<?xml version="1.0" encoding="UTF-8"?>
<collection
  xmlns:xsi="http://www.w3.org/2001/XMLSchema-instance"
  xsi:schemaLocation="http://www.loc.gov/MARC21/slim http://www.loc.gov/standards/marcxml/schema/MARC21slim.xsd"
  xmlns="http://www.loc.gov/MARC21/slim">

<record>
  <leader>05683ckdaa2200721 a 4500</leader>
  <controlfield tag="001">3462425</controlfield>
  <controlfield tag="005">20100226103445.0</controlfield>
  <controlfield tag="008">890605s1903    xx ||| |||||||   1k|eng d</controlfield>
  <datafield tag="035" ind1=" " ind2=" ">
    <subfield code="a">(OCoLC)84445515</subfield>
  </datafield>
  <datafield tag="035" ind1=" " ind2=" ">
    <subfield code="a">(OCoLC)ocm84445515</subfield>
  </datafield>
  <datafield tag="035" ind1=" " ind2=" ">
    <subfield code="a">(CStRLIN)NYDA89-F677</subfield>
  </datafield>
  <datafield tag="035" ind1=" " ind2=" ">
    <subfield code="9">AAA2896AD</subfield>
  </datafield>
  <datafield tag="035" ind1=" " ind2=" ">
    <subfield code="a">(NNC)3462425</subfield>
  </datafield>
  <datafield tag="040" ind1=" " ind2=" ">
    <subfield code="a">NNC</subfield>
    <subfield code="c">NNC</subfield>
    <subfield code="e">gihc</subfield>
  </datafield>
  <datafield tag="043" ind1=" " ind2=" ">
    <subfield code="a">n-us-ca</subfield>
  </datafield>
  <datafield tag="110" ind1="2" ind2=" ">
    <subfield code="a">Greene &amp; Greene.</subfield>
  </datafield>
  <datafield tag="240" ind1="1" ind2="0">
    <subfield code="a">Kinney-Kendall building (Pasadena, Calif.).</subfield>
    <subfield code="p">Alterations</subfield>
  </datafield>
  <datafield tag="245" ind1="1" ind2="0">
    <subfield code="a">Alterations of Kinney and Kendall block at Pasadena, Calif.</subfield>
    <subfield code="h">[graphic] /</subfield>
    <subfield code="c">Greene and Greene, Architects.</subfield>
  </datafield>
  <datafield tag="260" ind1=" " ind2=" ">
    <subfield code="c">[1903]</subfield>
  </datafield>
  <datafield tag="300" ind1=" " ind2=" ">
    <subfield code="a">20 drawings:</subfield>
    <subfield code="b">various media ;</subfield>
    <subfield code="c">51.5 X 106.1 cm. (20 1/4 x 41 3/4 in.) or smaller.</subfield>
  </datafield>
  <datafield tag="500" ind1=" " ind2=" ">
    <subfield code="a">Date from inventory.</subfield>
  </datafield>
  <datafield tag="500" ind1=" " ind2=" ">
    <subfield code="a">Bracketed title elements supplied by cataloger or taken from inventory.</subfield>
  </datafield>
  <datafield tag="500" ind1=" " ind2=" ">
    <subfield code="a">Forms part of the Greene &amp; Greene collection of architectural drawings ; job no. 121.</subfield>
  </datafield>
  <datafield tag="500" ind1=" " ind2=" ">
    <subfield code="a">Scale varies.</subfield>
  </datafield>
  <datafield tag="500" ind1=" " ind2=" ">
    <subfield code="a">This set consists of 6 pencil drawings on tracing paper, 5 ink drawings on cloth with ink wash applied to the verso, 5 ink drawings with pencil markings on cloth, and 4 ink drawings on cloth.</subfield>
  </datafield>
  <datafield tag="561" ind1=" " ind2=" ">
    <subfield code="a">Gift of Jean Murray Bangs (Mrs. Harwell Hamilton Harris), 1960 ; formerly the collection of Charles Sumner Greene.</subfield>
  </datafield>
  <datafield tag="650" ind1=" " ind2="7">
    <subfield code="a">Houses.</subfield>
    <subfield code="2">aat</subfield>
  </datafield>
  <datafield tag="650" ind1=" " ind2="7">
    <subfield code="a">Alterations.</subfield>
    <subfield code="2">aat</subfield>
  </datafield>
  <datafield tag="650" ind1=" " ind2="7">
    <subfield code="a">Ironwork.</subfield>
    <subfield code="2">aat</subfield>
  </datafield>
  <datafield tag="655" ind1=" " ind2="7">
    <subfield code="a">Detail drawings.</subfield>
    <subfield code="2">aat</subfield>
  </datafield>
  <datafield tag="655" ind1=" " ind2="7">
    <subfield code="a">Architectural drawings</subfield>
    <subfield code="x">American.</subfield>
    <subfield code="2">aat</subfield>
  </datafield>
  <datafield tag="655" ind1=" " ind2="7">
    <subfield code="a">Orthographic drawings.</subfield>
    <subfield code="2">aat</subfield>
  </datafield>
  <datafield tag="691" ind1=" " ind2="0">
    <subfield code="a">Pasadena (Calif.)</subfield>
  </datafield>
  <datafield tag="650" ind1=" " ind2="0">
    <subfield code="a">Architecture</subfield>
    <subfield code="z">United States</subfield>
    <subfield code="v">Designs and plans.</subfield>
  </datafield>
  <datafield tag="697" ind1="2" ind2="4">
    <subfield code="a">Kinney-Kendall building (Pasadena, Calif.)</subfield>
  </datafield>
  <datafield tag="700" ind1="1" ind2=" ">
    <subfield code="a">Greene, Charles Sumner,</subfield>
    <subfield code="d">1868-1957.</subfield>
  </datafield>
  <datafield tag="700" ind1="1" ind2=" ">
    <subfield code="a">Greene, Henry Mather,</subfield>
    <subfield code="d">1870-1954.</subfield>
  </datafield>
  <datafield tag="700" ind1="1" ind2=" ">
    <subfield code="a">Kinney, Joseph N.</subfield>
  </datafield>
  <datafield tag="755" ind1=" " ind2=" ">
    <subfield code="a">Pencil drawings.</subfield>
    <subfield code="2">aat</subfield>
  </datafield>
  <datafield tag="755" ind1=" " ind2=" ">
    <subfield code="a">Ink drawings.</subfield>
    <subfield code="2">aat</subfield>
  </datafield>
  <datafield tag="755" ind1=" " ind2=" ">
    <subfield code="a">Ink wash drawings.</subfield>
    <subfield code="2">aat</subfield>
  </datafield>
  <datafield tag="799" ind1="4" ind2="3">
    <subfield code="a">The Greene &amp; Greene collection of architectural drawings.</subfield>
  </datafield>
  <datafield tag="789" ind1="0" ind2=" ">
    <subfield code="1">[1]</subfield>
    <subfield code="i">NYDA.1960.001.02173.</subfield>
    <subfield code="v">[AVERYimage].</subfield>
    <subfield code="t">Plan of basement ; [detail drawings of] pier B-10 [and] pier B-9 (on edge of chimney footing) ; section "R-R" ; [detail drawing of] new pilasters, "G" ; section thro' tank room, "D-D" ; section thro' tank room, "D-D" ; first floor plan :</subfield>
    <subfield code="n">No.1</subfield>
    <subfield code="o">"Key -- new work [shaded], old work [unshaded]".</subfield>
  </datafield>
  <datafield tag="789" ind1="0" ind2=" ">
    <subfield code="1">[2]</subfield>
    <subfield code="i">NYDA.1960.001.02174.</subfield>
    <subfield code="v">[AVERYimage].</subfield>
    <subfield code="t">New second floor plan :</subfield>
    <subfield code="n">No. 2.</subfield>
    <subfield code="o">"Key -- new work [shaded], old work [unshaded]" .</subfield>
  </datafield>
  <datafield tag="789" ind1="0" ind2=" ">
    <subfield code="1">[3]</subfield>
    <subfield code="i">NYDA.1960.001.02176.</subfield>
    <subfield code="v">[AVERYimage].</subfield>
    <subfield code="t">New third floor plan :</subfield>
    <subfield code="n">No. 3.</subfield>
    <subfield code="o">"Key -- new work [shaded], old work [unshaded]" .</subfield>
    <subfield code="o">Job no. "121".</subfield>
  </datafield>
  <datafield tag="789" ind1="0" ind2=" ">
    <subfield code="1">[4]</subfield>
    <subfield code="i">NYDA.1960.001.02177.</subfield>
    <subfield code="v">[AVERYimage].</subfield>
    <subfield code="t">3rd floor [plan showing] proposed slub rooms &amp; rook garden [?]</subfield>
  </datafield>
  <datafield tag="789" ind1="0" ind2=" ">
    <subfield code="1">[5]</subfield>
    <subfield code="i">NYDA.1960.001.02178.</subfield>
    <subfield code="v">[AVERYimage].</subfield>
    <subfield code="t">[Plan of 3rd floor plan], B.O.K.'s suggestion.</subfield>
  </datafield>
  <datafield tag="789" ind1="0" ind2=" ">
    <subfield code="1">[6]</subfield>
    <subfield code="i">NYDA.1960.001.02179.</subfield>
    <subfield code="v">[AVERYimage].</subfield>
    <subfield code="t">[Plan of 3rd floor lavatory]</subfield>
  </datafield>
  <datafield tag="789" ind1="0" ind2=" ">
    <subfield code="1">[7]</subfield>
    <subfield code="i">NYDA.1960.001.02180.</subfield>
    <subfield code="v">[AVERYimage].</subfield>
    <subfield code="t">[Plan of lodge room in third floor?, elevation and section through cornice showing structure on roof]</subfield>
  </datafield>
  <datafield tag="789" ind1="0" ind2=" ">
    <subfield code="1">[8]</subfield>
    <subfield code="i">NYDA.1960.001.02181.</subfield>
    <subfield code="v">[AVERYimage].</subfield>
    <subfield code="t">New fourth floor plan :</subfield>
    <subfield code="n">No.4</subfield>
  </datafield>
  <datafield tag="789" ind1="0" ind2=" ">
    <subfield code="1">[9]</subfield>
    <subfield code="i">NYDA.1960.001.02182.</subfield>
    <subfield code="v">[AVERYimage].</subfield>
    <subfield code="t">[Fourth floor plan]</subfield>
  </datafield>
  <datafield tag="789" ind1="0" ind2=" ">
    <subfield code="1">[10]</subfield>
    <subfield code="i">NYDA.1960.001.02183.</subfield>
    <subfield code="v">[AVERYimage].</subfield>
    <subfield code="t">[Sketch of fourth floor plan]</subfield>
  </datafield>
  <datafield tag="789" ind1="0" ind2=" ">
    <subfield code="1">[11]</subfield>
    <subfield code="i">NYDA.1960.001.02184.</subfield>
    <subfield code="v">[AVERYimage].</subfield>
    <subfield code="t">New roof plan ; front [and] sie [elevations of] roof house :</subfield>
    <subfield code="n">No. 5.</subfield>
  </datafield>
  <datafield tag="789" ind1="0" ind2=" ">
    <subfield code="1">[12]</subfield>
    <subfield code="i">NYDA.1960.001.02185.</subfield>
    <subfield code="v">[AVERYimage].</subfield>
    <subfield code="t">East elevation :</subfield>
    <subfield code="n">No. 6.</subfield>
  </datafield>
  <datafield tag="789" ind1="0" ind2=" ">
    <subfield code="1">[13]</subfield>
    <subfield code="i">NYDA.1960.001.02186.</subfield>
    <subfield code="v">[AVERYimage].</subfield>
    <subfield code="t">North elevation ; south elevations ; vertical section thro' windows [in] 4th story ; detail of box frames and mullions :</subfield>
    <subfield code="n">No. 7.</subfield>
  </datafield>
  <datafield tag="789" ind1="0" ind2=" ">
    <subfield code="1">[14]</subfield>
    <subfield code="i">NYDA.1960.001.02187.</subfield>
    <subfield code="v">[AVERYimage].</subfield>
    <subfield code="t">West elevation ; section and elevation of lavatory stalls ; front [and] side elevations of coat &amp; wash bowl closets, detail of closets, section thro' cornice :</subfield>
    <subfield code="n">No. 8.</subfield>
  </datafield>
  <datafield tag="789" ind1="0" ind2=" ">
    <subfield code="1">[15]</subfield>
    <subfield code="i">NYDA.1960.001.02188.</subfield>
    <subfield code="v">[AVERYimage].</subfield>
    <subfield code="t">Section showing new arrangement of stairs ; [detail drawing of] sidewalk construction ; section "C-C" [through sidewalk and front of basement and first story] ; [elevation of] west end of elevator entrance ; section "B-B' [through basement and first story ; elevation of] vestibule doors :</subfield>
    <subfield code="n">No. 9.</subfield>
    <subfield code="o">"Key -- new work [shaded], old work [unshaded], old work [unshaded]"</subfield>
  </datafield>
  <datafield tag="789" ind1="0" ind2=" ">
    <subfield code="1">[16]</subfield>
    <subfield code="i">NYDA.1960.001.02189.</subfield>
    <subfield code="v">[AVERYimage].</subfield>
    <subfield code="t">Iron work details -- [columns, beams, straps, angles, lintels, stirrups, anchors, bearing plates] :</subfield>
    <subfield code="n">No. 10.</subfield>
    <subfield code="o">Many of the images are crossed out.</subfield>
  </datafield>
  <datafield tag="789" ind1="0" ind2=" ">
    <subfield code="1">[17]</subfield>
    <subfield code="i">NYDA.1960.001.02190.</subfield>
    <subfield code="v">[AVERYimage].</subfield>
    <subfield code="t">Iron work details -- section thro' cornice, elevation of cornice.</subfield>
  </datafield>
  <datafield tag="789" ind1="0" ind2=" ">
    <subfield code="1">[18]</subfield>
    <subfield code="i">NYDA.1960.001.02191.</subfield>
    <subfield code="v">[AVERYimage].</subfield>
    <subfield code="t">[Elevation of cornice].</subfield>
    <subfield code="o">"Note -- place brackets 16 inches apart instead of as shown".</subfield>
  </datafield>
  <datafield tag="789" ind1="0" ind2=" ">
    <subfield code="1">[19]</subfield>
    <subfield code="i">NYDA.1960.001.02192.</subfield>
    <subfield code="v">[AVERYimage].</subfield>
    <subfield code="t">[Detail drawings] -- typical floor plan of elevator showing alteration in skylight, roof plan of elevator shaft showing steel work, steel diagram at floors ; plan of hatchway doors, door A, door B, hatchway frame, section, [hinges, angles, connections ; miscellaneous iron work] -- straps, beams, [columns], Van Dorn hangers, angles, lock bar, manhole, channels ; plan &amp; section of sidewalk lights, plan at top of c[ast] i[ron] frame [for sidewalk lights] :</subfield>
    <subfield code="n">No. 11.</subfield>
    <subfield code="o">Many of the images are crossed out.</subfield>
  </datafield>
  <datafield tag="789" ind1="0" ind2=" ">
    <subfield code="1">[20]</subfield>
    <subfield code="i">NYDA.1960.001.02193.</subfield>
    <subfield code="v">[AVERYimage].</subfield>
    <subfield code="t">Alteration of store-front [in plan].</subfield>
    <subfield code="o">Drawing includes lengthy list of work to be done, and also includes approval signature at bottom.</subfield>
  </datafield>
  <datafield tag="900" ind1=" " ind2=" ">
    <subfield code="a">AUTH</subfield>
  </datafield>
</record>

</collection>